@online{bt-core-specs,
	author    = {Bluetooth},
	title     = {Bluetooth Core Specification, version 5},
	url       = {https://www.bluetooth.com/specifications/bluetooth-core-specification},
}

@online{bt-GAP-numbers,
	author    = {Bluetooth},
	title     = {Generic Access Profile Codes},
	url       = {https://www.bluetooth.com/specifications/assigned-numbers/generic-access-profile},
}

@online{btlejuice-repo,
	author    = {DigitalSecurity},
	title     = {BtleJuice Bluetooth Smart (LE) Man-in-the-Middle framework},
	url       = {https://github.com/DigitalSecurity/btlejuice},
}

@online{gattacker-repo,
	author    = {Slawomir Jasek, SecuRing},
	title     = {A Node.js package for BLE (Bluetooth Low Energy) security assessment using Man-in-the-Middle and other attacks},
	url       = {https://github.com/securing/gattacker},
}